<?xml version="1.0" encoding="UTF-8"?><collection xmlns="http://www.loc.gov/MARC21/slim">
  <record>
    <leader>01077cam a22003011  4500</leader>
    <controlfield tag="001">12</controlfield>
    <controlfield tag="005">20141021232228.0</controlfield>
    <controlfield tag="008">860116s1939    dcuf     b    000 0 eng  </controlfield>
    <datafield tag="010" ind1=" " ind2=" ">
      <subfield code="a">   39023031 </subfield>
    </datafield>
    <datafield tag="035" ind1=" " ind2=" ">
      <subfield code="a">(CStRLIN)NYCX86B6696</subfield>
    </datafield>
    <datafield tag="035" ind1=" " ind2=" ">
      <subfield code="a">(NIC)notisAAA0010</subfield>
    </datafield>
    <datafield tag="035" ind1=" " ind2=" ">
      <subfield code="a">(OCoLC)4877587</subfield>
    </datafield>
    <datafield tag="035" ind1=" " ind2=" ">
      <subfield code="a">12</subfield>
    </datafield>
    <datafield tag="040" ind1=" " ind2=" ">
      <subfield code="c">NIC</subfield>
      <subfield code="d">NIC</subfield>
    </datafield>
    <datafield tag="050" ind1="0" ind2=" ">
      <subfield code="a">LB3209</subfield>
      <subfield code="b">.B4</subfield>
    </datafield>
    <datafield tag="082" ind1=" " ind2=" ">
      <subfield code="a">371.62</subfield>
    </datafield>
    <datafield tag="100" ind1="1" ind2=" ">
      <subfield code="a">Betzner, Jean,</subfield>
      <subfield code="d">1888-1974</subfield>
      <subfield code="e">comp.</subfield>
    </datafield>
    <datafield tag="245" ind1="1" ind2="0">
      <subfield code="a">School housing needs of young children,</subfield>
      <subfield code="c">compiled by Jean Betzner; with evaluations by N. L. Engelhardt, Jr., Elizabeth Neterer [and] R. Lee Thomas ...</subfield>
    </datafield>
    <datafield tag="260" ind1=" " ind2=" ">
      <subfield code="a">Washington, D.C.</subfield>
      <subfield code="c">[c1939]</subfield>
    </datafield>
    <datafield tag="300" ind1=" " ind2=" ">
      <subfield code="a">39, [1] p.</subfield>
      <subfield code="b">incl. plates.</subfield>
      <subfield code="c">23 cm.</subfield>
    </datafield>
    <datafield tag="490" ind1="1" ind2=" ">
      <subfield code="a">Bulletin of the Association for Childhood Education</subfield>
    </datafield>
    <datafield tag="504" ind1=" " ind2=" ">
      <subfield code="a">Bibliography: p. 39-[40]</subfield>
    </datafield>
    <datafield tag="650" ind1=" " ind2="0">
      <subfield code="a">Elementary schools</subfield>
    </datafield>
    <datafield tag="650" ind1=" " ind2="7">
      <subfield code="a">Elementary schools</subfield>
      <subfield code="2">fast</subfield>
      <subfield code="0">(OCoLC)fst00907975</subfield>
    </datafield>
    <datafield tag="810" ind1="1" ind2=" ">
      <subfield code="a">Association for Childhood Education International.</subfield>
      <subfield code="t">Bulletin.</subfield>
    </datafield>
    <datafield tag="905" ind1=" " ind2=" ">
      <subfield code="a">19911220120000.0</subfield>
    </datafield>
    <datafield tag="948" ind1="2" ind2=" ">
      <subfield code="a">20141016</subfield>
      <subfield code="b">m</subfield>
      <subfield code="d">batch</subfield>
      <subfield code="e">lts</subfield>
      <subfield code="x">addfast</subfield>
    </datafield>
    <datafield tag="950" ind1=" " ind2=" ">
      <subfield code="l">FINE</subfield>
      <subfield code="a">NA6561</subfield>
      <subfield code="b">.B46</subfield>
      <subfield code="f">BASIC</subfield>
      <subfield code="i">01/16/86 N</subfield>
    </datafield>
  </record>