
  <record>
    <leader>00952cam a2200301 i 4500</leader>
    <controlfield tag="001">13</controlfield>
    <controlfield tag="005">20140909180415.0</controlfield>
    <controlfield tag="008">851210m19559999enk      b    000 0 eng  </controlfield>
    <datafield tag="010" ind1=" " ind2=" ">
      <subfield code="a">   55014848 </subfield>
    </datafield>
    <datafield tag="035" ind1=" " ind2=" ">
      <subfield code="a">(CStRLIN)NYCX85B138631</subfield>
    </datafield>
    <datafield tag="035" ind1=" " ind2=" ">
      <subfield code="a">(NIC)notisAAA0011</subfield>
    </datafield>
    <datafield tag="035" ind1=" " ind2=" ">
      <subfield code="a">(OCoLC)7743872</subfield>
    </datafield>
    <datafield tag="035" ind1=" " ind2=" ">
      <subfield code="a">13</subfield>
    </datafield>
    <datafield tag="050" ind1="0" ind2=" ">
      <subfield code="a">JX3264</subfield>
      <subfield code="b">.I6 1955</subfield>
    </datafield>
    <datafield tag="050" ind1=" " ind2="4">
      <subfield code="a">KZ3264.A3</subfield>
      <subfield code="b">I58 1955</subfield>
    </datafield>
    <datafield tag="100" ind1="1" ind2=" ">
      <subfield code="a">Oppenheim, L.</subfield>
      <subfield code="q">(Lassa),</subfield>
      <subfield code="d">1858-1919.</subfield>
    </datafield>
    <datafield tag="245" ind1="1" ind2="0">
      <subfield code="a">International law :</subfield>
      <subfield code="b">a treatise /</subfield>
      <subfield code="c">by L. Oppenheim.</subfield>
    </datafield>
    <datafield tag="250" ind1=" " ind2=" ">
      <subfield code="a">8th ed.,</subfield>
      <subfield code="b">edited by H. Lauterpacht.</subfield>
    </datafield>
    <datafield tag="260" ind1=" " ind2=" ">
      <subfield code="a">London ;</subfield>
      <subfield code="a">New York :</subfield>
      <subfield code="b">Longmans,</subfield>
      <subfield code="c">1955-</subfield>
    </datafield>
    <datafield tag="300" ind1=" " ind2=" ">
      <subfield code="a">v. ;</subfield>
      <subfield code="c">22 cm.</subfield>
    </datafield>
    <datafield tag="504" ind1=" " ind2=" ">
      <subfield code="a">Includes bibliographies.</subfield>
    </datafield>
    <datafield tag="505" ind1="0" ind2=" ">
      <subfield code="a">v.1. Peace.</subfield>
    </datafield>
    <datafield tag="650" ind1=" " ind2="0">
      <subfield code="a">International law</subfield>
    </datafield>
    <datafield tag="700" ind1="1" ind2=" ">
      <subfield code="a">Lauterpacht, Hersch,</subfield>
      <subfield code="d">1897-1960,</subfield>
      <subfield code="e">ed.</subfield>
    </datafield>
    <datafield tag="905" ind1=" " ind2=" ">
      <subfield code="a">19880603120000.0</subfield>
    </datafield>
    <datafield tag="948" ind1="2" ind2=" ">
      <subfield code="a">20070504</subfield>
      <subfield code="b">y</subfield>
      <subfield code="d">wml1</subfield>
      <subfield code="e">law</subfield>
    </datafield>
    <datafield tag="950" ind1=" " ind2=" ">
      <subfield code="l">OLIN</subfield>
      <subfield code="a">JX3264</subfield>
      <subfield code="b">.I6 1955</subfield>
      <subfield code="v">v.1</subfield>
      <subfield code="f">BASIC</subfield>
      <subfield code="p">2</subfield>
      <subfield code="h">12/10/85 N</subfield>
    </datafield>
    <datafield tag="950" ind1=" " ind2=" ">
      <subfield code="l">LAW</subfield>
      <subfield code="a">JX3264</subfield>
      <subfield code="b">.I6 1955</subfield>
      <subfield code="f">BASIC</subfield>
      <subfield code="i">03/10/86 N</subfield>
    </datafield>
  </record>