
  <record>
    <leader>01349cam a2200325   4500</leader>
    <controlfield tag="001">15</controlfield>
    <controlfield tag="005">20141021232234.0</controlfield>
    <controlfield tag="008">860116s1926    sp efh   b    000 0 spa d</controlfield>
    <datafield tag="035" ind1=" " ind2=" ">
      <subfield code="a">(CStRLIN)NYCX86B6697</subfield>
    </datafield>
    <datafield tag="035" ind1=" " ind2=" ">
      <subfield code="a">(NIC)notisAAA0013</subfield>
    </datafield>
    <datafield tag="035" ind1=" " ind2=" ">
      <subfield code="a">(OCoLC)63221945</subfield>
    </datafield>
    <datafield tag="035" ind1=" " ind2=" ">
      <subfield code="a">15</subfield>
    </datafield>
    <datafield tag="040" ind1=" " ind2=" ">
      <subfield code="a">NN</subfield>
      <subfield code="c">CMalG</subfield>
      <subfield code="d">NIC</subfield>
    </datafield>
    <datafield tag="043" ind1=" " ind2=" ">
      <subfield code="a">e-sp---</subfield>
    </datafield>
    <datafield tag="100" ind1="1" ind2=" ">
      <subfield code="a">Huidobro Serna, Luciano.</subfield>
    </datafield>
    <datafield tag="245" ind1="1" ind2="0">
      <subfield code="a">Santuario de Nuestra Señora la real y antigua de Gamonal (Burgos);</subfield>
      <subfield code="b">monografía premiada en el certamen literario de la "Pontificia y real academia B. Mariana," de Lérida, el año 1925.</subfield>
      <subfield code="c">Por el Dr. D. Luciano Huidobro Serna...</subfield>
    </datafield>
    <datafield tag="260" ind1=" " ind2=" ">
      <subfield code="a">Lérida:</subfield>
      <subfield code="b">Tipografía Mariana,</subfield>
      <subfield code="c">1926.</subfield>
    </datafield>
    <datafield tag="300" ind1=" " ind2=" ">
      <subfield code="a">91 p.</subfield>
      <subfield code="b">facsims., plan, plates.</subfield>
      <subfield code="c">21 cm.</subfield>
    </datafield>
    <datafield tag="500" ind1=" " ind2=" ">
      <subfield code="a">Plates printed on both sides.</subfield>
    </datafield>
    <datafield tag="504" ind1=" " ind2=" ">
      <subfield code="a">Bibliography, p. [5.]</subfield>
    </datafield>
    <datafield tag="600" ind1="0" ind2="0">
      <subfield code="a">Mary,</subfield>
      <subfield code="c">Blessed Virgin, Saint</subfield>
      <subfield code="x">Pictorial works</subfield>
      <subfield code="z">Spain</subfield>
      <subfield code="z">Burgos</subfield>
    </datafield>
    <datafield tag="650" ind1=" " ind2="0">
      <subfield code="a">Church architecture</subfield>
      <subfield code="z">Spain</subfield>
      <subfield code="z">Burgos.</subfield>
    </datafield>
    <datafield tag="650" ind1=" " ind2="0">
      <subfield code="a">Church buildings</subfield>
      <subfield code="z">Spain</subfield>
      <subfield code="z">Burgos.</subfield>
    </datafield>
    <datafield tag="600" ind1="0" ind2="7">
      <subfield code="a">Mary,</subfield>
      <subfield code="c">Blessed Virgin, Saint</subfield>
      <subfield code="2">fast</subfield>
      <subfield code="0">(OCoLC)fst00068107</subfield>
    </datafield>
    <datafield tag="650" ind1=" " ind2="7">
      <subfield code="a">Church architecture</subfield>
      <subfield code="2">fast</subfield>
      <subfield code="0">(OCoLC)fst00860550</subfield>
    </datafield>
    <datafield tag="650" ind1=" " ind2="7">
      <subfield code="a">Church buildings</subfield>
      <subfield code="2">fast</subfield>
      <subfield code="0">(OCoLC)fst00860599</subfield>
    </datafield>
    <datafield tag="651" ind1=" " ind2="7">
      <subfield code="a">Spain</subfield>
      <subfield code="z">Burgos</subfield>
      <subfield code="2">fast</subfield>
      <subfield code="0">(OCoLC)fst01208462</subfield>
    </datafield>
    <datafield tag="905" ind1=" " ind2=" ">
      <subfield code="a">19880603120000.0</subfield>
    </datafield>
    <datafield tag="948" ind1="2" ind2=" ">
      <subfield code="a">20141016</subfield>
      <subfield code="b">m</subfield>
      <subfield code="d">batch</subfield>
      <subfield code="e">lts</subfield>
      <subfield code="x">addfast</subfield>
    </datafield>
    <datafield tag="950" ind1=" " ind2=" ">
      <subfield code="l">FINE</subfield>
      <subfield code="a">NA5811.G14</subfield>
      <subfield code="b">H8</subfield>
      <subfield code="f">BASIC</subfield>
      <subfield code="i">01/16/86 N</subfield>
    </datafield>
  </record>