
  <record>
    <leader>01344cam a22003371  4500</leader>
    <controlfield tag="001">18</controlfield>
    <controlfield tag="005">20141021232243.0</controlfield>
    <controlfield tag="008">860116r1921    nyu           000 0 eng  </controlfield>
    <datafield tag="010" ind1=" " ind2=" ">
      <subfield code="a">   21013172 </subfield>
    </datafield>
    <datafield tag="035" ind1=" " ind2=" ">
      <subfield code="a">(CStRLIN)NYCX86B6698</subfield>
    </datafield>
    <datafield tag="035" ind1=" " ind2=" ">
      <subfield code="a">(NIC)notisAAA0016</subfield>
    </datafield>
    <datafield tag="035" ind1=" " ind2=" ">
      <subfield code="a">(OCoLC)1321425</subfield>
    </datafield>
    <datafield tag="035" ind1=" " ind2=" ">
      <subfield code="a">18</subfield>
    </datafield>
    <datafield tag="040" ind1=" " ind2=" ">
      <subfield code="c">NIC</subfield>
      <subfield code="d">NIC</subfield>
    </datafield>
    <datafield tag="050" ind1="0" ind2=" ">
      <subfield code="a">JX1907</subfield>
      <subfield code="b">.A8 no.164</subfield>
    </datafield>
    <datafield tag="110" ind1="2" ind2=" ">
      <subfield code="a">Allied and Associated Powers (1914-1920)</subfield>
      <subfield code="t">Treaties, etc.</subfield>
    </datafield>
    <datafield tag="245" ind1="1" ind2="0">
      <subfield code="a">Convention for the control of the trade in arms and ammunition, and protocol, signed at Saint-Germain-en-Laye, September 10, 1919 ...</subfield>
    </datafield>
    <datafield tag="260" ind1=" " ind2=" ">
      <subfield code="a">New York City,</subfield>
      <subfield code="a">Greenwich, Conn.,</subfield>
      <subfield code="b">American Association for International Conciliation</subfield>
      <subfield code="c">[1921]</subfield>
    </datafield>
    <datafield tag="300" ind1=" " ind2=" ">
      <subfield code="a">29 p.</subfield>
      <subfield code="c">29 cm.</subfield>
    </datafield>
    <datafield tag="490" ind1="1" ind2=" ">
      <subfield code="a">International conciliation, July, 1921,</subfield>
      <subfield code="v">no.164</subfield>
    </datafield>
    <datafield tag="503" ind1=" " ind2=" ">
      <subfield code="a">"Reprinted from the ... British treaty series, no. 12 (Cmd. 414)."</subfield>
    </datafield>
    <datafield tag="650" ind1=" " ind2="0">
      <subfield code="a">Arms control.</subfield>
    </datafield>
    <datafield tag="650" ind1=" " ind2="0">
      <subfield code="a">Arms transfers.</subfield>
    </datafield>
    <datafield tag="650" ind1=" " ind2="7">
      <subfield code="a">Arms control</subfield>
      <subfield code="2">fast</subfield>
      <subfield code="0">(OCoLC)fst00814908</subfield>
    </datafield>
    <datafield tag="650" ind1=" " ind2="7">
      <subfield code="a">Arms transfers</subfield>
      <subfield code="2">fast</subfield>
      <subfield code="0">(OCoLC)fst00814943</subfield>
    </datafield>
    <datafield tag="740" ind1="0" ind2=" ">
      <subfield code="a">Control of the trade in arms and ammunition, Convention for the.</subfield>
    </datafield>
    <datafield tag="830" ind1=" " ind2="0">
      <subfield code="a">International conciliation (Monthly) ;</subfield>
      <subfield code="v">no. 164</subfield>
    </datafield>
    <datafield tag="905" ind1=" " ind2=" ">
      <subfield code="a">19980409120000.0</subfield>
    </datafield>
    <datafield tag="948" ind1="2" ind2=" ">
      <subfield code="a">20060526</subfield>
      <subfield code="b">y</subfield>
      <subfield code="d">njm5</subfield>
      <subfield code="e">law</subfield>
    </datafield>
    <datafield tag="948" ind1="2" ind2=" ">
      <subfield code="a">20141016</subfield>
      <subfield code="b">m</subfield>
      <subfield code="d">batch</subfield>
      <subfield code="e">lts</subfield>
      <subfield code="x">addfast</subfield>
    </datafield>
    <datafield tag="950" ind1=" " ind2=" ">
      <subfield code="l">LAW</subfield>
      <subfield code="a">JX1906</subfield>
      <subfield code="b">.A25 No.164</subfield>
      <subfield code="f">BASIC</subfield>
      <subfield code="h">01/16/86 N</subfield>
    </datafield>
  </record>