
  <record>
    <leader>01180cam a22003371  4500</leader>
    <controlfield tag="001">21</controlfield>
    <controlfield tag="005">20141021232245.0</controlfield>
    <controlfield tag="008">851210s1879    maua          000 0 eng c</controlfield>
    <datafield tag="035" ind1=" " ind2=" ">
      <subfield code="a">(CStRLIN)NYCX85B138634</subfield>
    </datafield>
    <datafield tag="035" ind1=" " ind2=" ">
      <subfield code="a">(NIC)notisAAA0019</subfield>
    </datafield>
    <datafield tag="035" ind1=" " ind2=" ">
      <subfield code="a">(OCoLC)404350</subfield>
    </datafield>
    <datafield tag="035" ind1=" " ind2=" ">
      <subfield code="a">21</subfield>
    </datafield>
    <datafield tag="040" ind1=" " ind2=" ">
      <subfield code="a">Kent St Univ Lib</subfield>
      <subfield code="d">CStRLIN</subfield>
      <subfield code="d">NIC</subfield>
    </datafield>
    <datafield tag="043" ind1=" " ind2=" ">
      <subfield code="a">e-uk-en</subfield>
    </datafield>
    <datafield tag="100" ind1="1" ind2=" ">
      <subfield code="a">Jefferies, Richard,</subfield>
      <subfield code="d">1848-1887.</subfield>
    </datafield>
    <datafield tag="245" ind1="1" ind2="0">
      <subfield code="a">Wild life in a southern county.</subfield>
    </datafield>
    <datafield tag="260" ind1=" " ind2=" ">
      <subfield code="a">Boston,</subfield>
      <subfield code="b">Roberts Brothers,</subfield>
      <subfield code="c">1879.</subfield>
    </datafield>
    <datafield tag="300" ind1=" " ind2=" ">
      <subfield code="a">viii, 344 p.</subfield>
      <subfield code="b">illus.</subfield>
      <subfield code="c">18 cm.</subfield>
    </datafield>
    <datafield tag="500" ind1=" " ind2=" ">
      <subfield code="a">Cf. Halkett and Laing, v. 6, p. 236, for London, 1879 edition.</subfield>
    </datafield>
    <datafield tag="500" ind1=" " ind2=" ">
      <subfield code="a">Title vignette.</subfield>
    </datafield>
    <datafield tag="500" ind1=" " ind2=" ">
      <subfield code="a">Preface over initials: R. J.</subfield>
    </datafield>
    <datafield tag="650" ind1=" " ind2="0">
      <subfield code="a">Natural history</subfield>
      <subfield code="v">Outdoor books</subfield>
    </datafield>
    <datafield tag="651" ind1=" " ind2="0">
      <subfield code="a">Wiltshire (England)</subfield>
      <subfield code="x">Description and travel.</subfield>
    </datafield>
    <datafield tag="650" ind1=" " ind2="7">
      <subfield code="a">Natural history</subfield>
      <subfield code="2">fast</subfield>
      <subfield code="0">(OCoLC)fst01034268</subfield>
    </datafield>
    <datafield tag="650" ind1=" " ind2="7">
      <subfield code="a">Travel</subfield>
      <subfield code="2">fast</subfield>
      <subfield code="0">(OCoLC)fst01155558</subfield>
    </datafield>
    <datafield tag="651" ind1=" " ind2="7">
      <subfield code="a">England</subfield>
      <subfield code="z">Wiltshire</subfield>
      <subfield code="2">fast</subfield>
      <subfield code="0">(OCoLC)fst01209505</subfield>
    </datafield>
    <datafield tag="655" ind1=" " ind2="7">
      <subfield code="a">Guidebooks</subfield>
      <subfield code="2">fast</subfield>
      <subfield code="0">(OCoLC)fst01423871</subfield>
    </datafield>
    <datafield tag="903" ind1=" " ind2=" ">
      <subfield code="a">Google</subfield>
      <subfield code="d">20081125</subfield>
      <subfield code="p">31924000000038</subfield>
    </datafield>
    <datafield tag="905" ind1=" " ind2=" ">
      <subfield code="a">19991018120000.0</subfield>
    </datafield>
    <datafield tag="948" ind1="2" ind2=" ">
      <subfield code="a">20141016</subfield>
      <subfield code="b">m</subfield>
      <subfield code="d">batch</subfield>
      <subfield code="e">lts</subfield>
      <subfield code="x">addfast</subfield>
    </datafield>
    <datafield tag="950" ind1=" " ind2=" ">
      <subfield code="l">MANN</subfield>
      <subfield code="a">QH81</subfield>
      <subfield code="b">.J43 1879</subfield>
      <subfield code="f">BASIC</subfield>
      <subfield code="i">12/10/85 N</subfield>
    </datafield>
  </record>
</collection>
